@book{craig2005introduction,
  title={Introduction to robotics: mechanics and control},
  author={Craig, John J},
  year={2005},
  publisher={Pearson/Prentice Hall Upper Saddle River, NJ, USA:}
}